# name: Sam Tetruashvili
# title: algebra.bib
# date created: Fri Jan 30 21:25:33 EST 2009
# description: Algebra References.

# last modified: Sun Feb 22 16:18:16 EST 2009

@BOOK{Dummit_Foote_2004,
    author = "Davis S. Dummit and Richard M. Foote",
    title = "Abstract Algebra",
    publisher = "Wiley",
    edition = "Third",
    year = 2004
}

@BOOK{Strang_2006,
    author = "Gilbert Strang",
    title = "Linear Algebra and Its Applications",
    publisher = "Brooks Cole",
    edition = "Fourth",
    year = 2006
}

