# name: Sam Tetruashvili
# title: analysis.bib
# date created: Sun Feb 22 16:16:03 EST 2009
# description: Analysis References.

# last modified: Wed Jun  3 14:09:26 EDT 2009

@BOOK{Pugh_2002,
    author = "Charles Chapman Pugh",
    title = "Real Mathematical Analysis",
    publisher = "Springer",
    edition = "First",
    year = 2002
}

@BOOK{Apostol_1967,
    author = "Tom M. Apostol",
    title = "Calculus Volume I",
    publisher = "Wiley",
    edition = "Second",
    year = 1967
}

