# name: Sam Tetruashvili
# title: combinatorics.bib
# date created: Tue Jun  2 16:20:07 EDT 2009
# description: Combinatorics References.

# last modified: Tue Jun  2 16:20:07 EDT 2009

@BOOK{Wilf_1994,
    author = "Herbert S. Wilf",
    title = "generatingfunctionolog",
    publisher = "Academic Press",
    edition = "Second",
    year = 1994
}

@BOOK{Roberts_Tesman_2005,
    author = "Fred S. Roberts and Barry Tesman",
    title = "Applied Combinatorics",
    publisher = "Prentice Hall",
    edition = "Second",
    year = 2005
}

