# name: Sam Tetruashvili
# title: number-theory.bib
# date created: Sat Jan  3 00:08:22 EST 2009
# description: Number Theorey References.

# last modified: Sun Dec 27 13:06:30 EST 2009

@BOOK{Niven_Zuckerman_Montgomery_1991,
    author = "Ivan Niven and Herbert S. Zuckerman and Hugh L. Montgomery",
    title = "An Introduction to the Theory of Numbers",
    publisher = "Wiley",
    edition = "Fifth",
    year = 1991
}

@ARTICLE{Agarwal_Kayal_Saxena_2004,
    author = "Manindra Agrawal and Neeraj Kayal and Nitin Saxena",
    title = "{PRIMES} is in {P}",
    journal = "Annals of Mathematics",
    year = "2004",
    pages = "781 - 793"
}

@BOOK{Cormen_Leiserson_Rivest_Stein_2001,
    author = "Thomas H. Cormen and Charles E. Leiserson and Ronald L. Rivest and Clifford Stein",
    title = "Introduction to Algorithms",
    publisher = "The MIT Press",
    edition = "Second",
    year = 2001
}

@BOOK{Nielsen_Chuang_2000,
    author = "Michael A. Nielsen and Isaac L. Chuang",
    title = "Quantum Computation and Quantum Information",
    publisher = "Cambridge University Press",
    edition = "First",
    year = 2000
}

@BOOK{Koblitz_1994,
    author = "Neal Koblitz",
    title = "A Course in Number Theory and Cryptography",
    publisher = "Springer",
    edition = "Second",
    year = 1994
}

@BOOK{Hardy_Wright_2008,
    author = "G. H. Hardy and E. M. Wright",
    title = "An Introduction to the Theory of Numbers",
    publisher = "Oxford University Press",
    edition = "Sixth",
    year = 2008
}

@BOOK{Andrews_1994,
    author = "George E. Andrews",
    title = "Number Theory",
    publisher = "Dover Publications",
    edition = "First",
    year = 1994
}

@BOOK{Everest_2003,
    author = "Graham Everest",
    title = "Recurrence Sequences",
    publisher = "American Mathematical Society",
    edition = "First",
    year = 2003
}

@BOOK{Allouche_Shallit_2003,
    author = "Jean-Paul Allouche and Jeffrey Shallit",
    title = "Automatic Sequences: Theory, Applications, Generalizations",
    publisher = "Cambridge University Press",
    edition = "First",
    year = 2003
}

@MISC{OEIS,
    author = "N. J. A. Sloane",
    title = "{The On-Line Encyclopedia of Integer Sequences}",
    howpublished = "http://www.research.att.com/njas/sequences/"
}

@BOOK{Knuth_1997,
    author = "Donald E. Knuth",
    title = "Art of Computer Programming, Volume 2: Seminumerical Algorithms",
    publisher = "Addison-Wesley Professional",
    edition = "Third",
    year = 1997
}

