# name: Sam Tetruashvili
# title: preliminaries.bib
# date created: Thu Feb 26 13:10:31 EST 2009
# description: Preliminary References.

# last modified: Fri Mar 12 19:44:35 EST 2010

@BOOK{D'Angelo_West_2000,
    author = "John P. D'Angelo and Douglas B. West",
    title = "Mathematical Thinking: Provlem Solving and Proofs",
    publisher = "Prentice Hall",
    edition = "Second",
    year = 2000
}

@BOOK{Velleman_2006,
    author = "Daniel J. Velleman",
    title = "How to Prove It: A Structured Approach",
    publisher = "Cambridge University Press",
    edition = "Second",
    year = 2006
}

@BOOK{Flannery_2005,
    author = "David Flannery",
    title = "The Square Root of Two",
    publisher = "Springer",
    edition = "First",
    year = 2005
}

