# name: Sam Tetruashvili
# title: probability.bib
# date created: Fri Jan 30 21:18:41 EST 2009
# description: Discrete and Continuous Probability References.

# last modified: Fri Jan 30 21:13:13 EST 2009

@BOOK{Bertsekas_Tsitsiklis_2008,
    author = "Dimitri P. Bertsekas and John N. Tsitsiklis",
    title = "Introduction to Probability",
    publisher = "Athena Scientific",
    edition = "Second",
    year = 2008
}

